<?xml version="1.0" encoding="UTF-8"?><collection xmlns="http://www.loc.gov/MARC21/slim"><record><leader>00364nam--2200133-i-4500</leader><controlfield tag="001">000001218</controlfield><controlfield tag="002">20161230</controlfield><controlfield tag="005">20161230201024</controlfield><controlfield tag="008">060222s1000------------r-----000-0-eng-d</controlfield><datafield ind1=" " ind2=" " tag="100"><subfield code="a">Herington, E.F.G</subfield></datafield><datafield ind1=" " ind2=" " tag="245"><subfield code="a">Zone melting of organic compounds</subfield></datafield><datafield ind1=" " ind2=" " tag="260"><subfield code="a">Oxford, Blackwell Scientific Public, 1963. Viii + 162 P</subfield></datafield><datafield ind1=" " ind2=" " tag="852"><subfield code="a">19355</subfield></datafield><datafield ind1=" " ind2=" " tag="CAT"><subfield code="a">Sys</subfield><subfield code="c">20081028</subfield><subfield code="h">065151</subfield></datafield></record></collection>